
@inproceedings{Gupta:2007:Two-StreamER,
author = {Gupta, P. and Rajput, N.},
year = {2007},
pages = {2241-2244},
booktitle = {Two-stream emotion recognition for call center monitoring},
title = {Two-stream emotion recognition for call center monitoring}
}

@inproceedings{Ayadi:2010:SurveyOnSER,
author = {El Ayadi, M. and S. Kamel, M. and Karray, F.},
year = {2010},
pages = {572-587},
booktitle = {Pattern Recognition},
title = {Survey on speech emotion recognition: Features, classification schemes, and databases}
}

@ARTICLE{Chen:2018:3DConvRecurrentNN,
  author={Chen, M. and He, X. and Yang, J. and Zhang, H.},
  journal={IEEE Signal Processing Letters}, 
  title={3-D Convolutional Recurrent Neural Networks With Attention Model for Speech Emotion Recognition}, 
  year={2018},
  volume={25},
  number={10},
  pages={1440-1444},}

@ARTICLE{Yeasin:2006:MeasurmentOfInterestFromVideo,     
    author={Yeasin, M. and Bullot, B. and Sharma, R.}, journal={IEEE Transactions on Multimedia}, title={Recognition of facial expressions and measurement of levels of interest from video},   year={2006},  volume={8},  number={3},  pages={500-508},
}

@article{Zhang:2016:MTCCN,
   title={Joint Face Detection and Alignment Using Multitask Cascaded Convolutional Networks},
   volume={23},
   url={http://dx.doi.org/10.1109/LSP.2016.2603342},
   number={10},
   journal={IEEE Signal Processing Letters},
   publisher={Institute of Electrical and Electronics Engineers (IEEE)},
   author={Zhang, K. and Zhang, Z. and Li, Z. and Qiao, Y.},
   year={2016},
   pages={1499–1503}
}

@Article{Verma:2017:3D-VAD,
author={Verma, G. and Tiwary, U.},
title={Affect representation and recognition in 3D continuous valence--arousal--dominance space},
journal={Multimedia Tools and Applications},
year={2017},
pages={2159-2183},
url={https://doi.org/10.1007/s11042-015-3119-y}
}

@article{Kossaifi:2017:AFEW-VADatabase,
    title = "AFEW-VA database for valence and arousal estimation in-the-wild",
    journal = "Image and Vision Computing",
    volume = "65",
    pages = "23 - 36",
    year = "2017",
    issn = "0262-8856",
    doi = "https://doi.org/10.1016/j.imavis.2017.02.001",
    url = "http://www.sciencedirect.com/science/article/pii/S0262885617300379",
    author = "Kossaifi, J. and Tzimiropoulos, G. and Todorovic, S. and Pantic, M.",
}

@article{Dhall:2012:AFEW,
 author = {Dhall, A. and Goecke, R. and Lucey, S. and Gedeon, T.},
 title = {Collecting Large, Richly Annotated Facial-Expression Databases from Movies},
 journal = {IEEE MultiMedia},
 volume = {19},
 year = {2012},
 pages = {34--41},
}
  

@INPROCEEDINGS{Cao:2018:VGGFace2, 
    author={Cao, Q. and Shen, L. and Xie, W. and Parkhi, O. M. and Zisserman, A.},
    booktitle={2018 13th IEEE International Conference on Automatic Face   Gesture Recognition (FG 2018)},
    title={VGGFace2: A Dataset for Recognising Faces across Pose and Age},
    year={2018},
    pages={67-74},}
  
    
@INPROCEEDINGS{Hupont:2010:FacialEmotionsIn2DAffectiveSpace,
    author={Hupont, I. and Cerezo, E. and Baldassarri, S.},
    booktitle={2010 IEEE International Conference on Systems, Man and Cybernetics},
    title={Sensing facial emotions in a continuous 2D affective space},
    year={2010},
    pages={2045-2051},}

@book{Ries:2011:TheLeanStartUp,
  title={The Lean Startup: How Today's Entrepreneurs Use Continuous Innovation to Create Radically Successful Businesses},
  publisher={Crown Business},
  author={Ries, E.},
  url={https://books.google.de/books?id=r9x-OXdzpPcC},
  year={2011},
}

@Article{Payne:2008:ValueCo-Creation,
    author={Payne, A. F. and Storbacka, K. and Frow, P.},
    title={Managing the co-creation of value},
    journal={Journal of the Academy of Marketing Science},
    year={2008},
    volume={36},
    number={1},
    pages={83-96},
    url={https://doi.org/10.1007/s11747-007-0070-0}
}

@INPROCEEDINGS{Lenarduzzi:2016:MVP,
    author={Lenarduzzi, V. and Taibi, D.},
    booktitle={2016 42th Euromicro Conference on Software Engineering and Advanced Applications (SEAA)},
    title={MVP Explained: A Systematic Mapping Study on the Definitions of Minimal Viable Product},
    year={2016},
    volume={},
    number={},
    pages={112-119}
}

@INPROCEEDINGS{Theagarajan:2018:DeepDriver,
    author={Theagarajan, R. and Bhanu, B. and Cruz, A.},
    booktitle={2018 24th International Conference on Pattern Recognition (ICPR)},   title={DeepDriver: Automated System For measuring Valence and Arousal in Car Driver Videos},
    year={2018},
    volume={},
    number={},
    pages={2546-2551},}
    
@article{Handrich:2020:SimultaneousPredVA,
    title = "Simultaneous Prediction of Valence/Arousal and Emotions on AffectNet, Aff-Wild and AFEW-VA",
    journal = "Procedia Computer Science",
    volume = "170",
    pages = "634 - 641",
    year = "2020",
    url = "http://www.sciencedirect.com/science/article/pii/S1877050920305895",
    author = "Handrich, S. and Dinges, L. and Al-Hamadi, A. and Werner, P. and Al Aghbari, Z.",
}

@inproceedings{Yan:2016:MultiClueFusion,
author = {Yan, J. and Zheng, W. and Cui, Z. and Tang, C. and Zhang, T. and Zong, Y. and Sun, N.},
title = {Multi-Clue Fusion for Emotion Recognition in the Wild},
year = {2016},
publisher = {Association for Computing Machinery},
url = {https://doi.org/10.1145/2993148.2997630},
booktitle = {Proceedings of the 18th ACM International Conference on Multimodal Interaction},
pages = {458–463},
}
  
  
@Inbook{Kirch:2008:PearsonCorrelation,
editor="Kirch, W.",
title="Pearson's Correlation Coefficient",
bookTitle="Encyclopedia of Public Health",
year="2008",
publisher="Springer Netherlands",
pages="1090--1091",
url="https://doi.org/10.1007/978-1-4020-5614-7_2569",
}


@article{Chai:2014:RMSE,
author = {Chai, T. and Draxler, R. R.},
year = {2014},
pages = {1247-1250},
title = {Root mean square error (RMSE) or mean absolute error (MAE) – Arguments against avoiding RMSE in the literature},
volume = {7},
journal = {Geoscientific Model Development},
doi = {10.5194/gmd-7-1247-2014},
}

@Article{Ren:2012:ERforCustomerSatisfaction,
author={Ren, F. and Quan, C.},
title={Linguistic-based emotion analysis and recognition for measuring consumer satisfaction: an application of affective computing},
journal={Information Technology and Management},
year={2012},
volume={13},
number={4},
pages={321-332},
url={https://doi.org/10.1007/s10799-012-0138-5}
}
    
@INPROCEEDINGS{Kamaruddin:2016:MeasuringCustomerSatisfaction,  author={Kamaruddin, N. and Rahman, A. W. A and Shah, A. N. R.},  
booktitle={2016 6th International Conference on Information and Communication Technology for The Muslim World (ICT4M)}, 
title={Measuring Customer Satisfaction through Speech Using Valence-Arousal Approach},
year={2016},  
volume={},  
number={},  
pages={298-303},}

@mastersthesis{Esser:2018:LandmarkDetection,
  author       = {E{\ss}er, Jan}, 
  title        = {Verbesserung der Präzision der Landmark-Detektion bei Gesichtern mittels Machine Learning},
  school       = {RWTH Aachen University},
  year         = 2018,
  address      = {Germany}}
 
@INPROCEEDINGS{Dong:2012:UnderstandHumanImplicitIntention,  author={Dong, S. and Lee, S.},  
booktitle={The 2012 International Joint Conference on Neural Networks (IJCNN)},  
title={Understanding human implicit intention based on frontal electroencephalography (EEG)},  
year={2012},  
volume={},  
number={},  
pages={1-5},}

@ARTICLE{Hossain:2019:AudioVisualER,  
author={Hossain, M. S. and Muhammad, G.},  
journal={IEEE Wireless Communications},   
title={An Audio-Visual Emotion Recognition System Using Deep Learning Fusion for a Cognitive Wireless Framework},   
year={2019},  
volume={26},  
number={3},  
pages={62-68},}

@ARTICLE{Xing:2019:EEGAudioVisual,  
author={Xing, B. and Zhang, H. and Zhang, K. and Zhang, L. and Wu, X. and Shi, X. and Yu, S. and Zhang, S.},  journal={IEEE Access},   
title={Exploiting EEG Signals and Audiovisual Feature Fusion for Video Emotion Recognition},  
year={2019},  
volume={7},  
number={},  
pages={59844-59861},}

@article{Akcay:2020:SpeechEmotionRecognition(SER),
title = "Speech emotion recognition: Emotional models, databases, features, preprocessing methods, supporting modalities, and classifiers",
journal = "Speech Communication",
volume = "116",
pages = "56 - 76",
year = "2020",
url = "http://www.sciencedirect.com/science/article/pii/S0167639319302262",
author = "Akçay, M. B. and Oğuz, K.",
}

@misc{Noldus:2020:Facereader,
  author = {Noldus},
  title = {Emotion Analysis FaceReader},
  year = {2020},
  url = {https://www.noldus.com/facereader},
  urldate = {2020-07-23}
}

@misc{Poirier:2016:AdsFacialExpression,
  author = {Poirier, A. B.},
  title = {Facial Expressions and Survey to Measure the Effectiveness of 10 Ads},
  year = {2016},
  url = {http://www.imarklab.com/en/2016/06/facial-expressions-survey-ads/},
  urldate = {2020-07-27}
}

@inproceedings{Pittaras:2017:FineTuningStrategiesComparison,
    author = {Pittaras, N. and Markatopoulou, F. and Mezaris, V. and Patras, I.},
    year = {2017},
    pages = {102-114},
    booktitle = {MultiMedia Modeling},
    title = {Comparison of Fine-Tuning and Extension Strategies for Deep Convolutional Neural Networks},
    volume = {10132}
}

@inproceedings{Kazemi:2014:ShapePredictor,
  title={One Millisecond Face Alignment with an Ensemble of Regression Trees},
  author={Kazemi, V. and Sullivan, J.},
  booktitle={CVPR},
  year={2014}
}

@ARTICLE{Gao:2010:ActiveAppearanceModels,  
    author={Gao, X. and Su, Y. and Li, X. and Tao, D.},  journal={IEEE Transactions on Systems, Man, and Cybernetics, Part C (Applications and Reviews)},   
    title={A Review of Active Appearance Models},   
    year={2010},  
    volume={40},  
    number={2},  
    pages={145-158},}


@misc{Jung:2020:Imgaug,
  author = {Jung, A.},
  title = {Imgaug},
  year = {2020},
  url = {https://imgaug.readthedocs.io/en/latest/},
  urldate = {2020-09-29}
}

@book{Chollet:2017:DeepLearningPython,
  author = {Chollet, F.},
  biburl = {https://www.bibsonomy.org/bibtex/231f94815ebbd65d3a31e4a69e818573e/jaeschke},
  publisher = {Manning},
  title = {Deep Learning with Python },
  year = {2017},
}

@book{Goodfellow:2016:DeepLearning,
    title={Deep Learning},
    author={Goodfellow, I. and Bengio, Y. and Courville, A.},
    publisher={MIT Press},
    note={\url{http://www.deeplearningbook.org}},
    year={2016}
}

@misc{Dwivedi:2019:ResNetInKeras,
  author = {Dwivedi, P.},
  title = {Understanding and Coding a ResNet in Keras},
  year = {2019},
  url = {https://towardsdatascience.com/understanding-and-coding-a-resnet-in-keras-446d7ff84d33},
  urldate = {2020-10-08}
}

@article{He:2015:DeepResidualLearningForImageRecognition,
  author    = {He, K. and Zhang, X. and Ren, S. and Sun, J.},
  title     = {Deep Residual Learning for Image Recognition},
  journal   = {CoRR},
  volume    = {abs/1512.03385},
  year      = {2015},
  url       = {http://arxiv.org/abs/1512.03385},
}

@mastersthesis{Sheikholeslami:2019:AblationProgrammingML,
  author       = {Sheikholeslami, S.}, 
  title        = {Ablation Programming for Machine Learning},
  school       = {KTH, School of Electrical Engineering and Computer Science (EECS)},
  year         = {2019},
  address      = {Germany}}

@article{Lillian:2018:AblationOfARobotsBrain,
  author    = {Lillian, P. and Meyes, R. and Meisen, T.},
  title     = {Ablation of a Robot's Brain: Neural Networks Under a Knife},
  journal   = {CoRR},
  volume    = {abs/1812.05687},
  year      = {2018},
  url       = {http://arxiv.org/abs/1812.05687},
}

@misc{Yuanzhi:2019:RegularizationInitialLargeLearningRate,
author = {Yuanzhi, L. and Colin, W. and Tengyu, M.},
year = {2019},
pages = {},
title = {Towards Explaining the Regularization Effect of Initial Large Learning Rate in Training Neural Networks}
}
  
@article{Keskar:2016:LargeBatchTrainingGeneralization,
  author    = {Keskar, N. S. and Mudigere, D. and Nocedal, J. and Smelyanskiy, M. and Tang, P. T. P.},
  title     = {On Large-Batch Training for Deep Learning: Generalization Gap and Sharp Minima},
  journal   = {CoRR},
  volume    = {abs/1609.04836},
  year      = {2016},
  url       = {http://arxiv.org/abs/1609.04836},
}

@inbook{Salah:2018:VideoBasedER,
author = {Salah, A. and Kaya, H. and Furkan, G.},
year = {2018},
pages = {369–386},
publisher = {ResearchGate},
booktitle = {Multimodal Behavior Analysis in the Wild},
title = {Video-Based Emotion Recognition in the Wild},
doi = {10.1016/B978-0-12-814601-9.00031-6}
}

@INPROCEEDINGS{Gunes:2011:EmotionRepresentationContinuous,  
    author={Gunes, H. and Schuller, B. and Pantic, M. and Cowie, R.},  
    booktitle={Face and Gesture 2011},   
    title={Emotion representation, analysis and synthesis in continuous space: A survey},   
    year={2011},  
    volume={},  
    number={},  
    pages={827-834},}

@article{Barrett:2019:EmotionalFromFacialMovements,
author = {Barrett, L. F. and Adolphs, R. and Marsella, S. and Martinez, A. M. and Pollak, S. D.},
title ={Emotional Expressions Reconsidered: Challenges to Inferring Emotion From Human Facial Movements},
journal = {Psychological Science in the Public Interest},
volume = {20},
number = {1},
pages = {1-68},
year = {2019},
URL = {https://doi.org/10.1177/1529100619832930},
}

@article{Ekman:2002:FACS,
author="Ekman, P.",
title="Facial Action Coding System (FACS)",
journal="A Human Face",
publisher="",
year="2002",
volume="",
number="",
pages="",
URL="https://ci.nii.ac.jp/naid/10025007347/en/",
}

@misc{Sarhan:2020:MultiPhaseFineTuning,
author = {Sarhan, N. and Lauri, M. and Frintrop, S.},
title = {Multi-Phase Fine-Tuning: A New Fine-Tuning Approach for Sign
Language Recognition},
year = {submitted 2021}
}

@misc{Chen:2020:EmotionAI,
author = {Chen, A. and Hao, K.},
title = {Emotion AI researchers say overblown claims give their work a bad name},
year = {2020}
}

@ARTICLE{Pan:2010:SurveyOnTransferLearning,
  author={Pan, S. J. and Yang, Q.},
  journal={IEEE Transactions on Knowledge and Data Engineering}, 
  title={A Survey on Transfer Learning}, 
  year={2010},
  volume={22},
  number={10},
  pages={1345-1359},
  doi={10.1109/TKDE.2009.191}}

@article{Kollias:2019:AffWild, 
    title={Deep affect prediction in-the-wild: Aff-wild database and challenge, deep architectures, and beyond}, 
    author={Kollias, D. and Tzirakis, P. and Nicolaou, M. A. and Papaioannou, A. and Zhao, G. and Schuller, B. and Kotsia, I. and Zafeiriou, S.}, 
    journal={International Journal of Computer Vision}, 
    pages={1--23}, 
    year={2019}, 
    publisher={Springer} }
    
@inproceedings{Krizhevsky:2012:AlexNet,
author = {Krizhevsky, A. and Sutskever, I. and Hinton, G. E.},
title = {ImageNet Classification with Deep Convolutional Neural Networks},
year = {2012},
publisher = {Curran Associates Inc.},
booktitle = {Proceedings of the 25th International Conference on Neural Information Processing Systems - Volume 1},
pages = {1097–1105},
numpages = {9},
}

@article{Mollahosseini:2019:AffectNet,
   title={AffectNet: A Database for Facial Expression, Valence, and Arousal Computing in the Wild},
   volume={10},
   url={http://dx.doi.org/10.1109/TAFFC.2017.2740923},
   number={1},
   journal={IEEE Transactions on Affective Computing},
   publisher={Institute of Electrical and Electronics Engineers (IEEE)},
   author={Mollahosseini, A. and Hasani, B. and Mahoor, M. H.},
   year={2019},
   pages={18–31}
}

@ARTICLE{Cootes:2001:ActiveAppearanceModel,  
author={Cootes, T. F. and Edwards, G. J. and Taylor, C. J.},  journal={IEEE Transactions on Pattern Analysis and Machine Intelligence},   
title={Active appearance models},  
year={2001},  
volume={23},  
number={6},  
pages={681-685},  
doi={10.1109/34.927467}}

@INPROCEEDINGS{Gupta:2018:FacialLandmarks-1,
  author={Gupta, S.},
  booktitle={2018 2nd International Conference on Inventive Systems and Control (ICISC)}, 
  title={Facial emotion recognition in real-time and static images}, 
  year={2018},
  volume={},
  number={},
  pages={553-560},
  doi={10.1109/ICISC.2018.8398861}}
  
@InProceedings{Tautkute:2018:FacialLandmarks-2,
author = {Tautkute, I. and Trzcinski, T. and Bielski, A.},
title = {I Know How You Feel: Emotion Recognition With Facial Landmarks},
booktitle = {Proceedings of the IEEE Conference on Computer Vision and Pattern Recognition (CVPR) Workshops},
year = {2018}
}

@inbook{Baenziger:2014:MeasuringERAbility,
author="Baenziger, T.",
title="Measuring Emotion Recognition Ability",
bookTitle="Encyclopedia of Quality of Life and Well-Being Research",
year="2014",
publisher="Springer Netherlands",
pages="3934--3941",
isbn="978-94-007-0753-5",
}
  