
@misc{Anzalone:2018:DlibShapePredictor,
  author = {Anzalone, Luca},
  title = {Training alternative Dlib Shape Predictor models using Python},
  year = {2018},
  url = {https://medium.com/datadriveninvestor/training-alternative-dlib-shape-predictor-models-using-python-d1d8f8bd9f5c},
  urldate = {2020-09-29}
}

@misc{Datahacker:2020:DlibFacialLandmarks,
  author = {Datahacker},
  title = {How to detect facial landmarks using DLIB and OpenCV},
  year = {2020},
  url = {http://datahacker.rs/009-how-to-detect-facial-landmarks-using-dlib-and-opencv/},
  urldate = {2020-09-29}
}

@misc{Pedro:2018:TransferLearning,
    author = {Marcelino, Pedro},
    title = {Transfer learning from pre-trained models},
    year = {2018},
    url = {https://towardsdatascience.com/transfer-learning-from-pre-trained-models-f2393f124751},
    urldate = {2020-01-17}
}

@misc{Roehrich:2020:TrainValidateTest,
  author = {Röhrich, Günter},
  title = {Train, Validate, Test — Why Splitting Datasets is Essential for Every Machine Learning Algorithm},
  year = {n.d.},
  url = {https://towardsdatascience.com/train-test-split-c3eed34f763b},
  urldate = {2020-10-01}
}